<?xml version="1.0" encoding="UTF-8"?><collection xmlns="http://www.loc.gov/MARC21/slim"><record><leader>00474nam--2200145-i-4500</leader><controlfield tag="001">000040288</controlfield><controlfield tag="002">20161230</controlfield><controlfield tag="005">20161230201042</controlfield><controlfield tag="008">060222s1000------------r-----000-0-eng-d</controlfield><datafield ind1=" " ind2=" " tag="080"><subfield code="a">512.752(043)</subfield></datafield><datafield ind1=" " ind2=" " tag="100"><subfield code="a">Sansuc, Jean-jacques</subfield></datafield><datafield ind1=" " ind2=" " tag="245"><subfield code="a">Contributions a l`etude pointe rationnels de certaines varietes algebrique, arithmethique et geometrie de groupes algebriques lineaires</subfield></datafield><datafield ind1=" " ind2=" " tag="260"><subfield code="a">Paris, L`Univ.,1978. 71 P</subfield></datafield><datafield ind1=" " ind2=" " tag="852"><subfield code="a">46385</subfield><subfield code="c">512</subfield></datafield><datafield ind1=" " ind2=" " tag="CAT"><subfield code="a">Sys</subfield><subfield code="c">20080513</subfield><subfield code="h">142819</subfield></datafield></record></collection>